<?xml version='1.0' encoding='utf-8'?>
<Document xmlns="urn:iso:std:iso:20022:tech:xsd:pain.008.001.02"><CstmrDrctDbtInitn><GrpHdr><MsgId>MSG001</MsgId><CreDtTm>2024-08-05T18:31:51.765858Z</CreDtTm><NbOfTxs>2</NbOfTxs><CtrlSum>4</CtrlSum></GrpHdr><PmtInf><PmtInfId>PMT001</PmtInfId><PmtMtd>DD</PmtMtd><NbOfTxs>2</NbOfTxs><CtrlSum>4</CtrlSum><PmtTpInf><SvcLvl Cd="SEPA" /></PmtTpInf><PmtTpInf><LclInstrm Cd="CORE" /></PmtTpInf><PmtTpInf><SeqTp Cd="OOFF" /></PmtTpInf><ReqdColltnDt>2024-08-05</ReqdColltnDt><Cdtr><Nm>NORDKURVE12 E.V.</Nm></Cdtr><CdtrAcct><Id><IBAN>DE73375514400100057538</IBAN></Id></CdtrAcct><CdtrAgt><FinInstnId><BIC>WELADEDLLEV</BIC></FinInstnId></CdtrAgt><ChrgBr>SLEV</ChrgBr><DrctDbtTxInf><PmtId><EndToEndId>NOTPROVIDED</EndToEndId></PmtId><InstdAmt Ccy="EUR">1</InstdAmt><DrctDbtTx><MndtRltdInf><MndtId>MANDATEID</MndtId><DtOfSgntr>2024-08-05</DtOfSgntr></MndtRltdInf></DrctDbtTx><Dbtr><Nm>Liam Arbuckle</Nm></Dbtr><DbtrAcct><Id><IBAN>CH5858588686868648</IBAN></Id></DbtrAcct><RmtInf><Ustrd>Ticket Pokalfinale</Ustrd></RmtInf></DrctDbtTxInf><DrctDbtTxInf><PmtId><EndToEndId>NOTPROVIDED</EndToEndId></PmtId><InstdAmt Ccy="EUR">3</InstdAmt><DrctDbtTx><MndtRltdInf><MndtId>MANDATEID</MndtId><DtOfSgntr>2024-08-05</DtOfSgntr></MndtRltdInf></DrctDbtTx><Dbtr><Nm>Simon Rolfes</Nm></Dbtr><DbtrAcct><Id><IBAN>CH5759347y689437689</IBAN></Id></DbtrAcct><RmtInf><Ustrd>Ticket Pokalfinale</Ustrd></RmtInf></DrctDbtTxInf></PmtInf></CstmrDrctDbtInitn></Document>